%YAML 1.1
%TAG !u! tag:unity3d.com,2011:
--- !u!1 &1682891318
GameObject:
  m_ObjectHideFlags: 0
  m_CorrespondingSourceObject: {fileID: 0}
  m_PrefabInstance: {fileID: 0}
  m_PrefabAsset: {fileID: 0}
  serializedVersion: 6
  m_Component:
  - component: {fileID: 1682891319}
  - component: {fileID: 1682891320}
  m_Layer: 11
  m_Name: Sword Collider
  m_TagString: Untagged
  m_Icon: {fileID: 0}
  m_NavMeshLayer: 0
  m_StaticEditorFlags: 0
  m_IsActive: 1
--- !u!4 &1682891319
Transform:
  m_ObjectHideFlags: 0
  m_CorrespondingSourceObject: {fileID: 0}
  m_PrefabInstance: {fileID: 0}
  m_PrefabAsset: {fileID: 0}
  m_GameObject: {fileID: 1682891318}
  m_LocalRotation: {x: 0.02668035, y: 0.09926443, z: -0.09487531, w: 0.9901684}
  m_LocalPosition: {x: -0.346, y: 0.055, z: -1.15}
  m_LocalScale: {x: 1, y: 1, z: 1}
  m_Children:
  - {fileID: 7396011060052671064}
  m_Father: {fileID: 7628768908893213603}
  m_RootOrder: 5
  m_LocalEulerAnglesHint: {x: 4.11, y: 11.07, z: -10.548}
--- !u!65 &1682891320
BoxCollider:
  m_ObjectHideFlags: 0
  m_CorrespondingSourceObject: {fileID: 0}
  m_PrefabInstance: {fileID: 0}
  m_PrefabAsset: {fileID: 0}
  m_GameObject: {fileID: 1682891318}
  m_Material: {fileID: 0}
  m_IsTrigger: 1
  m_Enabled: 1
  serializedVersion: 2
  m_Size: {x: 0.4, y: 0.11, z: 1.4}
  m_Center: {x: 0, y: 0, z: 0}
--- !u!1 &1355623888176946309
GameObject:
  m_ObjectHideFlags: 0
  m_CorrespondingSourceObject: {fileID: 0}
  m_PrefabInstance: {fileID: 0}
  m_PrefabAsset: {fileID: 0}
  serializedVersion: 6
  m_Component:
  - component: {fileID: 1355623888176946306}
  - component: {fileID: 1355623888176946365}
  - component: {fileID: 1355623888176946364}
  - component: {fileID: 1355623888176946307}
  - component: {fileID: 1355623888176946366}
  - component: {fileID: 1355623888176946310}
  - component: {fileID: 1355623888176946311}
  - component: {fileID: 6223668269922151310}
  - component: {fileID: 3882210441996859154}
  - component: {fileID: 924371683}
  - component: {fileID: 933646999}
  m_Layer: 11
  m_Name: Hero
  m_TagString: Player
  m_Icon: {fileID: 0}
  m_NavMeshLayer: 0
  m_StaticEditorFlags: 0
  m_IsActive: 1
--- !u!4 &1355623888176946306
Transform:
  m_ObjectHideFlags: 0
  m_CorrespondingSourceObject: {fileID: 0}
  m_PrefabInstance: {fileID: 0}
  m_PrefabAsset: {fileID: 0}
  m_GameObject: {fileID: 1355623888176946309}
  m_LocalRotation: {x: 0, y: 0, z: 0, w: 1}
  m_LocalPosition: {x: -6.26, y: 1.6, z: 11.06}
  m_LocalScale: {x: 1, y: 1, z: 1}
  m_Children:
  - {fileID: 1538715685056197197}
  - {fileID: 5789869773891867274}
  m_Father: {fileID: 0}
  m_RootOrder: 0
  m_LocalEulerAnglesHint: {x: 0, y: 0, z: 0}
--- !u!95 &1355623888176946365
Animator:
  serializedVersion: 3
  m_ObjectHideFlags: 0
  m_CorrespondingSourceObject: {fileID: 0}
  m_PrefabInstance: {fileID: 0}
  m_PrefabAsset: {fileID: 0}
  m_GameObject: {fileID: 1355623888176946309}
  m_Enabled: 1
  m_Avatar: {fileID: 9000000, guid: 81084361714098342b93c26afd165030, type: 3}
  m_Controller: {fileID: 9100000, guid: 384c029744a1d1b4692ab8368e16d02e, type: 2}
  m_CullingMode: 0
  m_UpdateMode: 0
  m_ApplyRootMotion: 0
  m_LinearVelocityBlending: 0
  m_WarningMessage: 
  m_HasTransformHierarchy: 1
  m_AllowConstantClipSamplingOptimization: 1
  m_KeepAnimatorControllerStateOnDisable: 0
--- !u!54 &1355623888176946364
Rigidbody:
  m_ObjectHideFlags: 0
  m_CorrespondingSourceObject: {fileID: 0}
  m_PrefabInstance: {fileID: 0}
  m_PrefabAsset: {fileID: 0}
  m_GameObject: {fileID: 1355623888176946309}
  serializedVersion: 2
  m_Mass: 1
  m_Drag: 0
  m_AngularDrag: 0.05
  m_UseGravity: 1
  m_IsKinematic: 0
  m_Interpolate: 0
  m_Constraints: 80
  m_CollisionDetection: 0
--- !u!114 &1355623888176946307
MonoBehaviour:
  m_ObjectHideFlags: 0
  m_CorrespondingSourceObject: {fileID: 0}
  m_PrefabInstance: {fileID: 0}
  m_PrefabAsset: {fileID: 0}
  m_GameObject: {fileID: 1355623888176946309}
  m_Enabled: 1
  m_EditorHideFlags: 0
  m_Script: {fileID: 11500000, guid: 0083b21f1c34e2a4c9dcefe5275d238b, type: 3}
  m_Name: 
  m_EditorClassIdentifier: 
  _states:
  - {fileID: 1355623888176946366}
  - {fileID: 1355623888176946310}
  - {fileID: 6223668269922151310}
  - {fileID: 924371683}
  - {fileID: 933646999}
  _sounds:
  - {fileID: 8300000, guid: 957125bfd0f25a940a2f4416523fd408, type: 3}
  _animator: {fileID: 1355623888176946365}
  _rigidbody: {fileID: 1355623888176946364}
  _audioSource: {fileID: 3882210441996859154}
  _collider: {fileID: 1355623888176946311}
  _stats: {fileID: 11400000, guid: cfb7a47dc4f7cc145a5b5953d0a1651a, type: 2}
  _playerAttribute: {fileID: 11400000, guid: c5c0293429ade94499f0b795cc0e1652, type: 2}
--- !u!114 &1355623888176946366
MonoBehaviour:
  m_ObjectHideFlags: 0
  m_CorrespondingSourceObject: {fileID: 0}
  m_PrefabInstance: {fileID: 0}
  m_PrefabAsset: {fileID: 0}
  m_GameObject: {fileID: 1355623888176946309}
  m_Enabled: 1
  m_EditorHideFlags: 0
  m_Script: {fileID: 11500000, guid: e43d29d3922d4c44b58884a700b2a69b, type: 3}
  m_Name: 
  m_EditorClassIdentifier: 
  _sounds: []
  _speed: 5
  _rotationSpeed: 5
--- !u!114 &1355623888176946310
MonoBehaviour:
  m_ObjectHideFlags: 0
  m_CorrespondingSourceObject: {fileID: 0}
  m_PrefabInstance: {fileID: 0}
  m_PrefabAsset: {fileID: 0}
  m_GameObject: {fileID: 1355623888176946309}
  m_Enabled: 1
  m_EditorHideFlags: 0
  m_Script: {fileID: 11500000, guid: e67ee259a02f4b9d8c52f31df372fb27, type: 3}
  m_Name: 
  m_EditorClassIdentifier: 
  _sounds:
  - {fileID: 8300000, guid: 886d4be4e23db1f45984600bb2f6b9df, type: 3}
  _speed: 20
  _cooldown: 2
  _duration: 0.3
  _dashTrail: {fileID: 1736619798806194191}
--- !u!136 &1355623888176946311
CapsuleCollider:
  m_ObjectHideFlags: 0
  m_CorrespondingSourceObject: {fileID: 0}
  m_PrefabInstance: {fileID: 0}
  m_PrefabAsset: {fileID: 0}
  m_GameObject: {fileID: 1355623888176946309}
  m_Material: {fileID: 0}
  m_IsTrigger: 0
  m_Enabled: 1
  m_Radius: 0.18
  m_Height: 2.1
  m_Direction: 1
  m_Center: {x: 0, y: 0, z: 0}
--- !u!114 &6223668269922151310
MonoBehaviour:
  m_ObjectHideFlags: 0
  m_CorrespondingSourceObject: {fileID: 0}
  m_PrefabInstance: {fileID: 0}
  m_PrefabAsset: {fileID: 0}
  m_GameObject: {fileID: 1355623888176946309}
  m_Enabled: 1
  m_EditorHideFlags: 0
  m_Script: {fileID: 11500000, guid: 5bcaa1d2eb9c4a6fa9d395af75f4865b, type: 3}
  m_Name: 
  m_EditorClassIdentifier: 
  _sounds:
  - {fileID: 8300000, guid: 2ed7cf2c692c9cc4a8b6c9073a08a0fd, type: 3}
  _attackDatas:
  - {fileID: 11400000, guid: 2131c73ede128eb45814f9b6137571f6, type: 2}
  - {fileID: 11400000, guid: 69cda81ebcab1ab4796f34c1d40de3ca, type: 2}
  - {fileID: 11400000, guid: dfbbad620fd0746428f249afc0e10353, type: 2}
  _swordAttackTrail: {fileID: 6229266184326864514}
  _attackSpecialPrefab: {fileID: 3993329230200426418, guid: 42fcba326d0c54f4d91f9888f6e2d10b,
    type: 3}
--- !u!82 &3882210441996859154
AudioSource:
  m_ObjectHideFlags: 0
  m_CorrespondingSourceObject: {fileID: 0}
  m_PrefabInstance: {fileID: 0}
  m_PrefabAsset: {fileID: 0}
  m_GameObject: {fileID: 1355623888176946309}
  m_Enabled: 1
  serializedVersion: 4
  OutputAudioMixerGroup: {fileID: 0}
  m_audioClip: {fileID: 0}
  m_PlayOnAwake: 0
  m_Volume: 0.5
  m_Pitch: 1
  Loop: 0
  Mute: 0
  Spatialize: 0
  SpatializePostEffects: 0
  Priority: 128
  DopplerLevel: 1
  MinDistance: 1
  MaxDistance: 500
  Pan2D: 0
  rolloffMode: 0
  BypassEffects: 0
  BypassListenerEffects: 0
  BypassReverbZones: 0
  rolloffCustomCurve:
    serializedVersion: 2
    m_Curve:
    - serializedVersion: 3
      time: 0
      value: 1
      inSlope: 0
      outSlope: 0
      tangentMode: 0
      weightedMode: 0
      inWeight: 0.33333334
      outWeight: 0.33333334
    - serializedVersion: 3
      time: 1
      value: 0
      inSlope: 0
      outSlope: 0
      tangentMode: 0
      weightedMode: 0
      inWeight: 0.33333334
      outWeight: 0.33333334
    m_PreInfinity: 2
    m_PostInfinity: 2
    m_RotationOrder: 4
  panLevelCustomCurve:
    serializedVersion: 2
    m_Curve:
    - serializedVersion: 3
      time: 0
      value: 0
      inSlope: 0
      outSlope: 0
      tangentMode: 0
      weightedMode: 0
      inWeight: 0.33333334
      outWeight: 0.33333334
    m_PreInfinity: 2
    m_PostInfinity: 2
    m_RotationOrder: 4
  spreadCustomCurve:
    serializedVersion: 2
    m_Curve:
    - serializedVersion: 3
      time: 0
      value: 0
      inSlope: 0
      outSlope: 0
      tangentMode: 0
      weightedMode: 0
      inWeight: 0.33333334
      outWeight: 0.33333334
    m_PreInfinity: 2
    m_PostInfinity: 2
    m_RotationOrder: 4
  reverbZoneMixCustomCurve:
    serializedVersion: 2
    m_Curve:
    - serializedVersion: 3
      time: 0
      value: 1
      inSlope: 0
      outSlope: 0
      tangentMode: 0
      weightedMode: 0
      inWeight: 0.33333334
      outWeight: 0.33333334
    m_PreInfinity: 2
    m_PostInfinity: 2
    m_RotationOrder: 4
--- !u!114 &924371683
MonoBehaviour:
  m_ObjectHideFlags: 0
  m_CorrespondingSourceObject: {fileID: 0}
  m_PrefabInstance: {fileID: 0}
  m_PrefabAsset: {fileID: 0}
  m_GameObject: {fileID: 1355623888176946309}
  m_Enabled: 1
  m_EditorHideFlags: 0
  m_Script: {fileID: 11500000, guid: f95eea2d05eb40aeb4dd84d52264356c, type: 3}
  m_Name: 
  m_EditorClassIdentifier: 
  _sounds: []
  _cooldown: 2
  _duration: 1
--- !u!114 &933646999
MonoBehaviour:
  m_ObjectHideFlags: 0
  m_CorrespondingSourceObject: {fileID: 0}
  m_PrefabInstance: {fileID: 0}
  m_PrefabAsset: {fileID: 0}
  m_GameObject: {fileID: 1355623888176946309}
  m_Enabled: 1
  m_EditorHideFlags: 0
  m_Script: {fileID: 11500000, guid: b9cb5702188746a9a9be59da30daf56d, type: 3}
  m_Name: 
  m_EditorClassIdentifier: 
  _sounds: []
  _jumpSpeed: 7
--- !u!1001 &1355623886915753382
PrefabInstance:
  m_ObjectHideFlags: 0
  serializedVersion: 2
  m_Modification:
    m_TransformParent: {fileID: 1355623888176946306}
    m_Modifications:
    - target: {fileID: -9189889315346875628, guid: 81084361714098342b93c26afd165030,
        type: 3}
      propertyPath: m_Layer
      value: 11
      objectReference: {fileID: 0}
    - target: {fileID: -9106377602477398028, guid: 81084361714098342b93c26afd165030,
        type: 3}
      propertyPath: m_Layer
      value: 11
      objectReference: {fileID: 0}
    - target: {fileID: -9026147936527975696, guid: 81084361714098342b93c26afd165030,
        type: 3}
      propertyPath: m_Layer
      value: 11
      objectReference: {fileID: 0}
    - target: {fileID: -8955114265328551131, guid: 81084361714098342b93c26afd165030,
        type: 3}
      propertyPath: m_Layer
      value: 11
      objectReference: {fileID: 0}
    - target: {fileID: -8912935931269173313, guid: 81084361714098342b93c26afd165030,
        type: 3}
      propertyPath: m_Layer
      value: 11
      objectReference: {fileID: 0}
    - target: {fileID: -8869395581242323676, guid: 81084361714098342b93c26afd165030,
        type: 3}
      propertyPath: m_Layer
      value: 11
      objectReference: {fileID: 0}
    - target: {fileID: -8801531261482916190, guid: 81084361714098342b93c26afd165030,
        type: 3}
      propertyPath: m_Layer
      value: 11
      objectReference: {fileID: 0}
    - target: {fileID: -8679921383154817045, guid: 81084361714098342b93c26afd165030,
        type: 3}
      propertyPath: m_LocalPosition.x
      value: 0
      objectReference: {fileID: 0}
    - target: {fileID: -8679921383154817045, guid: 81084361714098342b93c26afd165030,
        type: 3}
      propertyPath: m_LocalPosition.y
      value: -1.044
      objectReference: {fileID: 0}
    - target: {fileID: -8679921383154817045, guid: 81084361714098342b93c26afd165030,
        type: 3}
      propertyPath: m_LocalPosition.z
      value: 0
      objectReference: {fileID: 0}
    - target: {fileID: -8679921383154817045, guid: 81084361714098342b93c26afd165030,
        type: 3}
      propertyPath: m_LocalRotation.x
      value: -0
      objectReference: {fileID: 0}
    - target: {fileID: -8679921383154817045, guid: 81084361714098342b93c26afd165030,
        type: 3}
      propertyPath: m_LocalRotation.y
      value: -0
      objectReference: {fileID: 0}
    - target: {fileID: -8679921383154817045, guid: 81084361714098342b93c26afd165030,
        type: 3}
      propertyPath: m_LocalRotation.z
      value: -0
      objectReference: {fileID: 0}
    - target: {fileID: -8679921383154817045, guid: 81084361714098342b93c26afd165030,
        type: 3}
      propertyPath: m_LocalRotation.w
      value: 1
      objectReference: {fileID: 0}
    - target: {fileID: -8679921383154817045, guid: 81084361714098342b93c26afd165030,
        type: 3}
      propertyPath: m_RootOrder
      value: 0
      objectReference: {fileID: 0}
    - target: {fileID: -8679921383154817045, guid: 81084361714098342b93c26afd165030,
        type: 3}
      propertyPath: m_LocalEulerAnglesHint.x
      value: 0
      objectReference: {fileID: 0}
    - target: {fileID: -8679921383154817045, guid: 81084361714098342b93c26afd165030,
        type: 3}
      propertyPath: m_LocalEulerAnglesHint.y
      value: 0
      objectReference: {fileID: 0}
    - target: {fileID: -8679921383154817045, guid: 81084361714098342b93c26afd165030,
        type: 3}
      propertyPath: m_LocalEulerAnglesHint.z
      value: 0
      objectReference: {fileID: 0}
    - target: {fileID: -8640806732201581953, guid: 81084361714098342b93c26afd165030,
        type: 3}
      propertyPath: m_Layer
      value: 11
      objectReference: {fileID: 0}
    - target: {fileID: -8580124406564641686, guid: 81084361714098342b93c26afd165030,
        type: 3}
      propertyPath: m_Layer
      value: 11
      objectReference: {fileID: 0}
    - target: {fileID: -8519909301455534312, guid: 81084361714098342b93c26afd165030,
        type: 3}
      propertyPath: m_Layer
      value: 11
      objectReference: {fileID: 0}
    - target: {fileID: -8502145050507403819, guid: 81084361714098342b93c26afd165030,
        type: 3}
      propertyPath: m_Layer
      value: 11
      objectReference: {fileID: 0}
    - target: {fileID: -8437953506563427466, guid: 81084361714098342b93c26afd165030,
        type: 3}
      propertyPath: m_Layer
      value: 11
      objectReference: {fileID: 0}
    - target: {fileID: -8202001582533385924, guid: 81084361714098342b93c26afd165030,
        type: 3}
      propertyPath: m_Layer
      value: 11
      objectReference: {fileID: 0}
    - target: {fileID: -8162238546638043641, guid: 81084361714098342b93c26afd165030,
        type: 3}
      propertyPath: m_Layer
      value: 11
      objectReference: {fileID: 0}
    - target: {fileID: -8089478567913257499, guid: 81084361714098342b93c26afd165030,
        type: 3}
      propertyPath: m_Layer
      value: 11
      objectReference: {fileID: 0}
    - target: {fileID: -8032026271448232338, guid: 81084361714098342b93c26afd165030,
        type: 3}
      propertyPath: m_Layer
      value: 11
      objectReference: {fileID: 0}
    - target: {fileID: -8022857749587760358, guid: 81084361714098342b93c26afd165030,
        type: 3}
      propertyPath: m_Layer
      value: 11
      objectReference: {fileID: 0}
    - target: {fileID: -7983616757808094928, guid: 81084361714098342b93c26afd165030,
        type: 3}
      propertyPath: m_Layer
      value: 11
      objectReference: {fileID: 0}
    - target: {fileID: -7976420387822697929, guid: 81084361714098342b93c26afd165030,
        type: 3}
      propertyPath: m_Layer
      value: 11
      objectReference: {fileID: 0}
    - target: {fileID: -7918790297301986192, guid: 81084361714098342b93c26afd165030,
        type: 3}
      propertyPath: m_Layer
      value: 11
      objectReference: {fileID: 0}
    - target: {fileID: -7845405734226030794, guid: 81084361714098342b93c26afd165030,
        type: 3}
      propertyPath: m_Layer
      value: 11
      objectReference: {fileID: 0}
    - target: {fileID: -7823788048182195720, guid: 81084361714098342b93c26afd165030,
        type: 3}
      propertyPath: m_Layer
      value: 11
      objectReference: {fileID: 0}
    - target: {fileID: -7818030101264327375, guid: 81084361714098342b93c26afd165030,
        type: 3}
      propertyPath: m_Layer
      value: 11
      objectReference: {fileID: 0}
    - target: {fileID: -7758500255599480441, guid: 81084361714098342b93c26afd165030,
        type: 3}
      propertyPath: m_Layer
      value: 11
      objectReference: {fileID: 0}
    - target: {fileID: -7511958757085226594, guid: 81084361714098342b93c26afd165030,
        type: 3}
      propertyPath: m_Layer
      value: 11
      objectReference: {fileID: 0}
    - target: {fileID: -7237376937508418284, guid: 81084361714098342b93c26afd165030,
        type: 3}
      propertyPath: m_Layer
      value: 11
      objectReference: {fileID: 0}
    - target: {fileID: -7168607879109196858, guid: 81084361714098342b93c26afd165030,
        type: 3}
      propertyPath: m_Layer
      value: 11
      objectReference: {fileID: 0}
    - target: {fileID: -7044885302815293572, guid: 81084361714098342b93c26afd165030,
        type: 3}
      propertyPath: m_Layer
      value: 11
      objectReference: {fileID: 0}
    - target: {fileID: -6822883487896219921, guid: 81084361714098342b93c26afd165030,
        type: 3}
      propertyPath: m_Layer
      value: 11
      objectReference: {fileID: 0}
    - target: {fileID: -6739613071084396848, guid: 81084361714098342b93c26afd165030,
        type: 3}
      propertyPath: m_Layer
      value: 11
      objectReference: {fileID: 0}
    - target: {fileID: -6702620204904200479, guid: 81084361714098342b93c26afd165030,
        type: 3}
      propertyPath: m_Layer
      value: 11
      objectReference: {fileID: 0}
    - target: {fileID: -6607643916962396195, guid: 81084361714098342b93c26afd165030,
        type: 3}
      propertyPath: m_Layer
      value: 11
      objectReference: {fileID: 0}
    - target: {fileID: -6518336331321246989, guid: 81084361714098342b93c26afd165030,
        type: 3}
      propertyPath: m_Layer
      value: 11
      objectReference: {fileID: 0}
    - target: {fileID: -6496334159525072017, guid: 81084361714098342b93c26afd165030,
        type: 3}
      propertyPath: m_Layer
      value: 11
      objectReference: {fileID: 0}
    - target: {fileID: -6410115157782029015, guid: 81084361714098342b93c26afd165030,
        type: 3}
      propertyPath: m_Layer
      value: 11
      objectReference: {fileID: 0}
    - target: {fileID: -6311542581956739115, guid: 81084361714098342b93c26afd165030,
        type: 3}
      propertyPath: m_Layer
      value: 11
      objectReference: {fileID: 0}
    - target: {fileID: -6302180845972390096, guid: 81084361714098342b93c26afd165030,
        type: 3}
      propertyPath: m_Layer
      value: 11
      objectReference: {fileID: 0}
    - target: {fileID: -6289646238232214565, guid: 81084361714098342b93c26afd165030,
        type: 3}
      propertyPath: m_Layer
      value: 11
      objectReference: {fileID: 0}
    - target: {fileID: -6288399101914801062, guid: 81084361714098342b93c26afd165030,
        type: 3}
      propertyPath: m_Layer
      value: 11
      objectReference: {fileID: 0}
    - target: {fileID: -6212009475719332215, guid: 81084361714098342b93c26afd165030,
        type: 3}
      propertyPath: m_Layer
      value: 11
      objectReference: {fileID: 0}
    - target: {fileID: -6011282203129620716, guid: 81084361714098342b93c26afd165030,
        type: 3}
      propertyPath: m_Layer
      value: 11
      objectReference: {fileID: 0}
    - target: {fileID: -5731669032177614208, guid: 81084361714098342b93c26afd165030,
        type: 3}
      propertyPath: m_Layer
      value: 11
      objectReference: {fileID: 0}
    - target: {fileID: -5693061874077347665, guid: 81084361714098342b93c26afd165030,
        type: 3}
      propertyPath: m_Layer
      value: 11
      objectReference: {fileID: 0}
    - target: {fileID: -5688978187153953470, guid: 81084361714098342b93c26afd165030,
        type: 3}
      propertyPath: m_Layer
      value: 11
      objectReference: {fileID: 0}
    - target: {fileID: -5611855088321643148, guid: 81084361714098342b93c26afd165030,
        type: 3}
      propertyPath: m_Layer
      value: 11
      objectReference: {fileID: 0}
    - target: {fileID: -5565716719997330358, guid: 81084361714098342b93c26afd165030,
        type: 3}
      propertyPath: m_Layer
      value: 11
      objectReference: {fileID: 0}
    - target: {fileID: -5538370126020510592, guid: 81084361714098342b93c26afd165030,
        type: 3}
      propertyPath: m_Layer
      value: 11
      objectReference: {fileID: 0}
    - target: {fileID: -5483729234073479232, guid: 81084361714098342b93c26afd165030,
        type: 3}
      propertyPath: m_Layer
      value: 11
      objectReference: {fileID: 0}
    - target: {fileID: -5477092177743745761, guid: 81084361714098342b93c26afd165030,
        type: 3}
      propertyPath: m_Layer
      value: 11
      objectReference: {fileID: 0}
    - target: {fileID: -5453666157932141108, guid: 81084361714098342b93c26afd165030,
        type: 3}
      propertyPath: m_Layer
      value: 11
      objectReference: {fileID: 0}
    - target: {fileID: -5399338823425343755, guid: 81084361714098342b93c26afd165030,
        type: 3}
      propertyPath: m_Layer
      value: 11
      objectReference: {fileID: 0}
    - target: {fileID: -5303783153127921473, guid: 81084361714098342b93c26afd165030,
        type: 3}
      propertyPath: m_Layer
      value: 11
      objectReference: {fileID: 0}
    - target: {fileID: -5150802906423375400, guid: 81084361714098342b93c26afd165030,
        type: 3}
      propertyPath: m_Layer
      value: 11
      objectReference: {fileID: 0}
    - target: {fileID: -4940891924038743477, guid: 81084361714098342b93c26afd165030,
        type: 3}
      propertyPath: m_Layer
      value: 11
      objectReference: {fileID: 0}
    - target: {fileID: -4888619740309990639, guid: 81084361714098342b93c26afd165030,
        type: 3}
      propertyPath: m_Layer
      value: 11
      objectReference: {fileID: 0}
    - target: {fileID: -4855588480992819949, guid: 81084361714098342b93c26afd165030,
        type: 3}
      propertyPath: m_Layer
      value: 11
      objectReference: {fileID: 0}
    - target: {fileID: -4761623200242221167, guid: 81084361714098342b93c26afd165030,
        type: 3}
      propertyPath: m_Layer
      value: 11
      objectReference: {fileID: 0}
    - target: {fileID: -4720182916568819628, guid: 81084361714098342b93c26afd165030,
        type: 3}
      propertyPath: m_Layer
      value: 11
      objectReference: {fileID: 0}
    - target: {fileID: -4468241847616523173, guid: 81084361714098342b93c26afd165030,
        type: 3}
      propertyPath: m_Layer
      value: 11
      objectReference: {fileID: 0}
    - target: {fileID: -4465722905782390415, guid: 81084361714098342b93c26afd165030,
        type: 3}
      propertyPath: m_Layer
      value: 11
      objectReference: {fileID: 0}
    - target: {fileID: -4449763708514735899, guid: 81084361714098342b93c26afd165030,
        type: 3}
      propertyPath: m_Layer
      value: 11
      objectReference: {fileID: 0}
    - target: {fileID: -4279323288296671101, guid: 81084361714098342b93c26afd165030,
        type: 3}
      propertyPath: m_Layer
      value: 11
      objectReference: {fileID: 0}
    - target: {fileID: -4274119216405714791, guid: 81084361714098342b93c26afd165030,
        type: 3}
      propertyPath: m_Layer
      value: 11
      objectReference: {fileID: 0}
    - target: {fileID: -4258366768577620265, guid: 81084361714098342b93c26afd165030,
        type: 3}
      propertyPath: m_Layer
      value: 11
      objectReference: {fileID: 0}
    - target: {fileID: -4254086798714025704, guid: 81084361714098342b93c26afd165030,
        type: 3}
      propertyPath: m_Layer
      value: 11
      objectReference: {fileID: 0}
    - target: {fileID: -4165084536201063866, guid: 81084361714098342b93c26afd165030,
        type: 3}
      propertyPath: m_Layer
      value: 11
      objectReference: {fileID: 0}
    - target: {fileID: -4123802821211000411, guid: 81084361714098342b93c26afd165030,
        type: 3}
      propertyPath: m_Layer
      value: 11
      objectReference: {fileID: 0}
    - target: {fileID: -4084828124321320485, guid: 81084361714098342b93c26afd165030,
        type: 3}
      propertyPath: m_Layer
      value: 11
      objectReference: {fileID: 0}
    - target: {fileID: -4055017309824179384, guid: 81084361714098342b93c26afd165030,
        type: 3}
      propertyPath: m_Layer
      value: 11
      objectReference: {fileID: 0}
    - target: {fileID: -4037993017230764624, guid: 81084361714098342b93c26afd165030,
        type: 3}
      propertyPath: m_Layer
      value: 11
      objectReference: {fileID: 0}
    - target: {fileID: -4027040787959832849, guid: 81084361714098342b93c26afd165030,
        type: 3}
      propertyPath: m_Layer
      value: 11
      objectReference: {fileID: 0}
    - target: {fileID: -3945379488618856702, guid: 81084361714098342b93c26afd165030,
        type: 3}
      propertyPath: m_Layer
      value: 11
      objectReference: {fileID: 0}
    - target: {fileID: -3901106933765421689, guid: 81084361714098342b93c26afd165030,
        type: 3}
      propertyPath: m_Layer
      value: 11
      objectReference: {fileID: 0}
    - target: {fileID: -3839808401748659748, guid: 81084361714098342b93c26afd165030,
        type: 3}
      propertyPath: m_Layer
      value: 11
      objectReference: {fileID: 0}
    - target: {fileID: -3782410211748729430, guid: 81084361714098342b93c26afd165030,
        type: 3}
      propertyPath: m_Layer
      value: 11
      objectReference: {fileID: 0}
    - target: {fileID: -3570916226390652037, guid: 81084361714098342b93c26afd165030,
        type: 3}
      propertyPath: m_Layer
      value: 11
      objectReference: {fileID: 0}
    - target: {fileID: -3483899739160052240, guid: 81084361714098342b93c26afd165030,
        type: 3}
      propertyPath: m_Layer
      value: 11
      objectReference: {fileID: 0}
    - target: {fileID: -3468013451062946934, guid: 81084361714098342b93c26afd165030,
        type: 3}
      propertyPath: m_Layer
      value: 11
      objectReference: {fileID: 0}
    - target: {fileID: -3442577723148584165, guid: 81084361714098342b93c26afd165030,
        type: 3}
      propertyPath: m_Layer
      value: 11
      objectReference: {fileID: 0}
    - target: {fileID: -3400620035158450329, guid: 81084361714098342b93c26afd165030,
        type: 3}
      propertyPath: m_Layer
      value: 11
      objectReference: {fileID: 0}
    - target: {fileID: -3319211706298064679, guid: 81084361714098342b93c26afd165030,
        type: 3}
      propertyPath: m_Layer
      value: 11
      objectReference: {fileID: 0}
    - target: {fileID: -3315645115332385741, guid: 81084361714098342b93c26afd165030,
        type: 3}
      propertyPath: m_Layer
      value: 11
      objectReference: {fileID: 0}
    - target: {fileID: -3268803964103566864, guid: 81084361714098342b93c26afd165030,
        type: 3}
      propertyPath: m_Layer
      value: 11
      objectReference: {fileID: 0}
    - target: {fileID: -2998025717320810195, guid: 81084361714098342b93c26afd165030,
        type: 3}
      propertyPath: m_Layer
      value: 11
      objectReference: {fileID: 0}
    - target: {fileID: -2995732486547335304, guid: 81084361714098342b93c26afd165030,
        type: 3}
      propertyPath: m_Layer
      value: 11
      objectReference: {fileID: 0}
    - target: {fileID: -2782995749403391353, guid: 81084361714098342b93c26afd165030,
        type: 3}
      propertyPath: m_Layer
      value: 11
      objectReference: {fileID: 0}
    - target: {fileID: -2672372622114826434, guid: 81084361714098342b93c26afd165030,
        type: 3}
      propertyPath: m_Layer
      value: 11
      objectReference: {fileID: 0}
    - target: {fileID: -2432242183240723522, guid: 81084361714098342b93c26afd165030,
        type: 3}
      propertyPath: m_Layer
      value: 11
      objectReference: {fileID: 0}
    - target: {fileID: -2403259043696024630, guid: 81084361714098342b93c26afd165030,
        type: 3}
      propertyPath: m_Layer
      value: 11
      objectReference: {fileID: 0}
    - target: {fileID: -2235491148334089692, guid: 81084361714098342b93c26afd165030,
        type: 3}
      propertyPath: m_Layer
      value: 11
      objectReference: {fileID: 0}
    - target: {fileID: -2104530455226263329, guid: 81084361714098342b93c26afd165030,
        type: 3}
      propertyPath: m_Layer
      value: 11
      objectReference: {fileID: 0}
    - target: {fileID: -2064403942538823954, guid: 81084361714098342b93c26afd165030,
        type: 3}
      propertyPath: m_Layer
      value: 11
      objectReference: {fileID: 0}
    - target: {fileID: -2058263380698175535, guid: 81084361714098342b93c26afd165030,
        type: 3}
      propertyPath: m_Layer
      value: 11
      objectReference: {fileID: 0}
    - target: {fileID: -2033875651274411676, guid: 81084361714098342b93c26afd165030,
        type: 3}
      propertyPath: m_Layer
      value: 11
      objectReference: {fileID: 0}
    - target: {fileID: -1974762973580319269, guid: 81084361714098342b93c26afd165030,
        type: 3}
      propertyPath: m_Layer
      value: 11
      objectReference: {fileID: 0}
    - target: {fileID: -1918746181896908276, guid: 81084361714098342b93c26afd165030,
        type: 3}
      propertyPath: m_Layer
      value: 11
      objectReference: {fileID: 0}
    - target: {fileID: -1897930905669314555, guid: 81084361714098342b93c26afd165030,
        type: 3}
      propertyPath: m_Layer
      value: 11
      objectReference: {fileID: 0}
    - target: {fileID: -1798991245763841583, guid: 81084361714098342b93c26afd165030,
        type: 3}
      propertyPath: m_Layer
      value: 11
      objectReference: {fileID: 0}
    - target: {fileID: -1383840281859563189, guid: 81084361714098342b93c26afd165030,
        type: 3}
      propertyPath: m_Layer
      value: 11
      objectReference: {fileID: 0}
    - target: {fileID: -1081718184312812781, guid: 81084361714098342b93c26afd165030,
        type: 3}
      propertyPath: m_Layer
      value: 11
      objectReference: {fileID: 0}
    - target: {fileID: -1022467401169587420, guid: 81084361714098342b93c26afd165030,
        type: 3}
      propertyPath: m_Layer
      value: 11
      objectReference: {fileID: 0}
    - target: {fileID: -985227755811954081, guid: 81084361714098342b93c26afd165030,
        type: 3}
      propertyPath: m_Layer
      value: 11
      objectReference: {fileID: 0}
    - target: {fileID: -880186973713243312, guid: 81084361714098342b93c26afd165030,
        type: 3}
      propertyPath: m_Layer
      value: 11
      objectReference: {fileID: 0}
    - target: {fileID: -794886507567528253, guid: 81084361714098342b93c26afd165030,
        type: 3}
      propertyPath: m_Layer
      value: 11
      objectReference: {fileID: 0}
    - target: {fileID: -701854306109016777, guid: 81084361714098342b93c26afd165030,
        type: 3}
      propertyPath: m_Layer
      value: 11
      objectReference: {fileID: 0}
    - target: {fileID: -684120831187168219, guid: 81084361714098342b93c26afd165030,
        type: 3}
      propertyPath: m_Layer
      value: 11
      objectReference: {fileID: 0}
    - target: {fileID: -557948526584299744, guid: 81084361714098342b93c26afd165030,
        type: 3}
      propertyPath: m_Layer
      value: 11
      objectReference: {fileID: 0}
    - target: {fileID: -531678733178490936, guid: 81084361714098342b93c26afd165030,
        type: 3}
      propertyPath: m_Layer
      value: 11
      objectReference: {fileID: 0}
    - target: {fileID: -277098473363043507, guid: 81084361714098342b93c26afd165030,
        type: 3}
      propertyPath: m_Layer
      value: 11
      objectReference: {fileID: 0}
    - target: {fileID: -179837435241209426, guid: 81084361714098342b93c26afd165030,
        type: 3}
      propertyPath: m_Layer
      value: 11
      objectReference: {fileID: 0}
    - target: {fileID: -169913252929925276, guid: 81084361714098342b93c26afd165030,
        type: 3}
      propertyPath: m_Layer
      value: 11
      objectReference: {fileID: 0}
    - target: {fileID: -135927894620748940, guid: 81084361714098342b93c26afd165030,
        type: 3}
      propertyPath: m_Layer
      value: 11
      objectReference: {fileID: 0}
    - target: {fileID: -125945051421232139, guid: 81084361714098342b93c26afd165030,
        type: 3}
      propertyPath: m_Layer
      value: 11
      objectReference: {fileID: 0}
    - target: {fileID: -33734868393445666, guid: 81084361714098342b93c26afd165030,
        type: 3}
      propertyPath: m_Layer
      value: 11
      objectReference: {fileID: 0}
    - target: {fileID: 1071818360540806, guid: 81084361714098342b93c26afd165030, type: 3}
      propertyPath: m_Layer
      value: 11
      objectReference: {fileID: 0}
    - target: {fileID: 19201445360132615, guid: 81084361714098342b93c26afd165030,
        type: 3}
      propertyPath: m_Layer
      value: 11
      objectReference: {fileID: 0}
    - target: {fileID: 25909846465057303, guid: 81084361714098342b93c26afd165030,
        type: 3}
      propertyPath: m_Layer
      value: 11
      objectReference: {fileID: 0}
    - target: {fileID: 454117688768223944, guid: 81084361714098342b93c26afd165030,
        type: 3}
      propertyPath: m_Layer
      value: 11
      objectReference: {fileID: 0}
    - target: {fileID: 513808967658583361, guid: 81084361714098342b93c26afd165030,
        type: 3}
      propertyPath: m_Layer
      value: 11
      objectReference: {fileID: 0}
    - target: {fileID: 688342095124528492, guid: 81084361714098342b93c26afd165030,
        type: 3}
      propertyPath: m_Layer
      value: 11
      objectReference: {fileID: 0}
    - target: {fileID: 717736197158210175, guid: 81084361714098342b93c26afd165030,
        type: 3}
      propertyPath: m_Layer
      value: 11
      objectReference: {fileID: 0}
    - target: {fileID: 919132149155446097, guid: 81084361714098342b93c26afd165030,
        type: 3}
      propertyPath: m_Name
      value: hero
      objectReference: {fileID: 0}
    - target: {fileID: 919132149155446097, guid: 81084361714098342b93c26afd165030,
        type: 3}
      propertyPath: m_Layer
      value: 11
      objectReference: {fileID: 0}
    - target: {fileID: 924657349416452511, guid: 81084361714098342b93c26afd165030,
        type: 3}
      propertyPath: m_Layer
      value: 11
      objectReference: {fileID: 0}
    - target: {fileID: 958631501727961451, guid: 81084361714098342b93c26afd165030,
        type: 3}
      propertyPath: m_Layer
      value: 11
      objectReference: {fileID: 0}
    - target: {fileID: 1037719692674476977, guid: 81084361714098342b93c26afd165030,
        type: 3}
      propertyPath: m_Layer
      value: 11
      objectReference: {fileID: 0}
    - target: {fileID: 1096584252102783267, guid: 81084361714098342b93c26afd165030,
        type: 3}
      propertyPath: m_Layer
      value: 11
      objectReference: {fileID: 0}
    - target: {fileID: 1127690695831716685, guid: 81084361714098342b93c26afd165030,
        type: 3}
      propertyPath: m_Layer
      value: 11
      objectReference: {fileID: 0}
    - target: {fileID: 1156513963295090629, guid: 81084361714098342b93c26afd165030,
        type: 3}
      propertyPath: m_Layer
      value: 11
      objectReference: {fileID: 0}
    - target: {fileID: 1178864805055846555, guid: 81084361714098342b93c26afd165030,
        type: 3}
      propertyPath: m_Layer
      value: 11
      objectReference: {fileID: 0}
    - target: {fileID: 1268091040235998141, guid: 81084361714098342b93c26afd165030,
        type: 3}
      propertyPath: m_Layer
      value: 11
      objectReference: {fileID: 0}
    - target: {fileID: 1379860502129766171, guid: 81084361714098342b93c26afd165030,
        type: 3}
      propertyPath: m_Layer
      value: 11
      objectReference: {fileID: 0}
    - target: {fileID: 1532041302241926217, guid: 81084361714098342b93c26afd165030,
        type: 3}
      propertyPath: m_Layer
      value: 11
      objectReference: {fileID: 0}
    - target: {fileID: 1586111467392232781, guid: 81084361714098342b93c26afd165030,
        type: 3}
      propertyPath: m_Layer
      value: 11
      objectReference: {fileID: 0}
    - target: {fileID: 1608924646024762567, guid: 81084361714098342b93c26afd165030,
        type: 3}
      propertyPath: m_Layer
      value: 11
      objectReference: {fileID: 0}
    - target: {fileID: 1697420751805752865, guid: 81084361714098342b93c26afd165030,
        type: 3}
      propertyPath: m_Layer
      value: 11
      objectReference: {fileID: 0}
    - target: {fileID: 1735733352271998084, guid: 81084361714098342b93c26afd165030,
        type: 3}
      propertyPath: m_Layer
      value: 11
      objectReference: {fileID: 0}
    - target: {fileID: 2062276987009212824, guid: 81084361714098342b93c26afd165030,
        type: 3}
      propertyPath: m_Layer
      value: 11
      objectReference: {fileID: 0}
    - target: {fileID: 2182014523253440982, guid: 81084361714098342b93c26afd165030,
        type: 3}
      propertyPath: m_Layer
      value: 11
      objectReference: {fileID: 0}
    - target: {fileID: 2188897572086705573, guid: 81084361714098342b93c26afd165030,
        type: 3}
      propertyPath: m_Layer
      value: 11
      objectReference: {fileID: 0}
    - target: {fileID: 2273001268126059186, guid: 81084361714098342b93c26afd165030,
        type: 3}
      propertyPath: m_Layer
      value: 11
      objectReference: {fileID: 0}
    - target: {fileID: 2275834419770036580, guid: 81084361714098342b93c26afd165030,
        type: 3}
      propertyPath: m_Layer
      value: 11
      objectReference: {fileID: 0}
    - target: {fileID: 2350776647457308378, guid: 81084361714098342b93c26afd165030,
        type: 3}
      propertyPath: m_Layer
      value: 11
      objectReference: {fileID: 0}
    - target: {fileID: 2455709215581224711, guid: 81084361714098342b93c26afd165030,
        type: 3}
      propertyPath: m_Layer
      value: 11
      objectReference: {fileID: 0}
    - target: {fileID: 2530061439919776648, guid: 81084361714098342b93c26afd165030,
        type: 3}
      propertyPath: m_Layer
      value: 11
      objectReference: {fileID: 0}
    - target: {fileID: 2583233942447742718, guid: 81084361714098342b93c26afd165030,
        type: 3}
      propertyPath: m_Layer
      value: 11
      objectReference: {fileID: 0}
    - target: {fileID: 2625410506735025618, guid: 81084361714098342b93c26afd165030,
        type: 3}
      propertyPath: m_Layer
      value: 11
      objectReference: {fileID: 0}
    - target: {fileID: 2779745869150915523, guid: 81084361714098342b93c26afd165030,
        type: 3}
      propertyPath: m_Layer
      value: 11
      objectReference: {fileID: 0}
    - target: {fileID: 2834411837548235851, guid: 81084361714098342b93c26afd165030,
        type: 3}
      propertyPath: m_Layer
      value: 11
      objectReference: {fileID: 0}
    - target: {fileID: 2861634291435825649, guid: 81084361714098342b93c26afd165030,
        type: 3}
      propertyPath: m_Layer
      value: 11
      objectReference: {fileID: 0}
    - target: {fileID: 2960294606461648601, guid: 81084361714098342b93c26afd165030,
        type: 3}
      propertyPath: m_Layer
      value: 11
      objectReference: {fileID: 0}
    - target: {fileID: 2971711311026251558, guid: 81084361714098342b93c26afd165030,
        type: 3}
      propertyPath: m_Layer
      value: 11
      objectReference: {fileID: 0}
    - target: {fileID: 3017260366825514754, guid: 81084361714098342b93c26afd165030,
        type: 3}
      propertyPath: m_Layer
      value: 11
      objectReference: {fileID: 0}
    - target: {fileID: 3021680343192487397, guid: 81084361714098342b93c26afd165030,
        type: 3}
      propertyPath: m_Layer
      value: 11
      objectReference: {fileID: 0}
    - target: {fileID: 3030471351042151249, guid: 81084361714098342b93c26afd165030,
        type: 3}
      propertyPath: m_Layer
      value: 11
      objectReference: {fileID: 0}
    - target: {fileID: 3355800823965656794, guid: 81084361714098342b93c26afd165030,
        type: 3}
      propertyPath: m_Layer
      value: 11
      objectReference: {fileID: 0}
    - target: {fileID: 3385478659168530424, guid: 81084361714098342b93c26afd165030,
        type: 3}
      propertyPath: m_Layer
      value: 11
      objectReference: {fileID: 0}
    - target: {fileID: 3522045430791197734, guid: 81084361714098342b93c26afd165030,
        type: 3}
      propertyPath: m_Layer
      value: 11
      objectReference: {fileID: 0}
    - target: {fileID: 3575026418425566885, guid: 81084361714098342b93c26afd165030,
        type: 3}
      propertyPath: m_Layer
      value: 11
      objectReference: {fileID: 0}
    - target: {fileID: 3758514429323188614, guid: 81084361714098342b93c26afd165030,
        type: 3}
      propertyPath: m_Layer
      value: 11
      objectReference: {fileID: 0}
    - target: {fileID: 3791928295737627350, guid: 81084361714098342b93c26afd165030,
        type: 3}
      propertyPath: m_Layer
      value: 11
      objectReference: {fileID: 0}
    - target: {fileID: 3863010202950660751, guid: 81084361714098342b93c26afd165030,
        type: 3}
      propertyPath: m_Layer
      value: 11
      objectReference: {fileID: 0}
    - target: {fileID: 3940834237942061587, guid: 81084361714098342b93c26afd165030,
        type: 3}
      propertyPath: m_Layer
      value: 11
      objectReference: {fileID: 0}
    - target: {fileID: 4089854376832567164, guid: 81084361714098342b93c26afd165030,
        type: 3}
      propertyPath: m_Layer
      value: 11
      objectReference: {fileID: 0}
    - target: {fileID: 4204849370351139005, guid: 81084361714098342b93c26afd165030,
        type: 3}
      propertyPath: m_Layer
      value: 11
      objectReference: {fileID: 0}
    - target: {fileID: 4221929308261824829, guid: 81084361714098342b93c26afd165030,
        type: 3}
      propertyPath: m_Layer
      value: 11
      objectReference: {fileID: 0}
    - target: {fileID: 4222708007780075932, guid: 81084361714098342b93c26afd165030,
        type: 3}
      propertyPath: m_Layer
      value: 11
      objectReference: {fileID: 0}
    - target: {fileID: 4325018610976913267, guid: 81084361714098342b93c26afd165030,
        type: 3}
      propertyPath: m_Layer
      value: 11
      objectReference: {fileID: 0}
    - target: {fileID: 4325540088952946088, guid: 81084361714098342b93c26afd165030,
        type: 3}
      propertyPath: m_Layer
      value: 11
      objectReference: {fileID: 0}
    - target: {fileID: 4369179105672645401, guid: 81084361714098342b93c26afd165030,
        type: 3}
      propertyPath: m_Layer
      value: 11
      objectReference: {fileID: 0}
    - target: {fileID: 4598912191365806972, guid: 81084361714098342b93c26afd165030,
        type: 3}
      propertyPath: m_Layer
      value: 11
      objectReference: {fileID: 0}
    - target: {fileID: 4746667417202739260, guid: 81084361714098342b93c26afd165030,
        type: 3}
      propertyPath: m_Layer
      value: 11
      objectReference: {fileID: 0}
    - target: {fileID: 4752589067783758195, guid: 81084361714098342b93c26afd165030,
        type: 3}
      propertyPath: m_Layer
      value: 11
      objectReference: {fileID: 0}
    - target: {fileID: 4791384474501450989, guid: 81084361714098342b93c26afd165030,
        type: 3}
      propertyPath: m_Layer
      value: 11
      objectReference: {fileID: 0}
    - target: {fileID: 4799850114103441026, guid: 81084361714098342b93c26afd165030,
        type: 3}
      propertyPath: m_Layer
      value: 11
      objectReference: {fileID: 0}
    - target: {fileID: 4826387302873536545, guid: 81084361714098342b93c26afd165030,
        type: 3}
      propertyPath: m_Layer
      value: 11
      objectReference: {fileID: 0}
    - target: {fileID: 4913506440091826323, guid: 81084361714098342b93c26afd165030,
        type: 3}
      propertyPath: m_Layer
      value: 11
      objectReference: {fileID: 0}
    - target: {fileID: 4926897864552291700, guid: 81084361714098342b93c26afd165030,
        type: 3}
      propertyPath: m_Layer
      value: 11
      objectReference: {fileID: 0}
    - target: {fileID: 5037204258636157224, guid: 81084361714098342b93c26afd165030,
        type: 3}
      propertyPath: m_Layer
      value: 11
      objectReference: {fileID: 0}
    - target: {fileID: 5100475414062636744, guid: 81084361714098342b93c26afd165030,
        type: 3}
      propertyPath: m_Layer
      value: 11
      objectReference: {fileID: 0}
    - target: {fileID: 5131620940740779757, guid: 81084361714098342b93c26afd165030,
        type: 3}
      propertyPath: m_Layer
      value: 11
      objectReference: {fileID: 0}
    - target: {fileID: 5195678987436136530, guid: 81084361714098342b93c26afd165030,
        type: 3}
      propertyPath: m_Layer
      value: 11
      objectReference: {fileID: 0}
    - target: {fileID: 5227681937873935065, guid: 81084361714098342b93c26afd165030,
        type: 3}
      propertyPath: m_Layer
      value: 11
      objectReference: {fileID: 0}
    - target: {fileID: 5386452088471621325, guid: 81084361714098342b93c26afd165030,
        type: 3}
      propertyPath: m_Layer
      value: 11
      objectReference: {fileID: 0}
    - target: {fileID: 5602579994874610335, guid: 81084361714098342b93c26afd165030,
        type: 3}
      propertyPath: m_Layer
      value: 11
      objectReference: {fileID: 0}
    - target: {fileID: 5742157054175078841, guid: 81084361714098342b93c26afd165030,
        type: 3}
      propertyPath: m_Layer
      value: 11
      objectReference: {fileID: 0}
    - target: {fileID: 5947519913124434960, guid: 81084361714098342b93c26afd165030,
        type: 3}
      propertyPath: m_Layer
      value: 11
      objectReference: {fileID: 0}
    - target: {fileID: 6141489963954007516, guid: 81084361714098342b93c26afd165030,
        type: 3}
      propertyPath: m_Layer
      value: 11
      objectReference: {fileID: 0}
    - target: {fileID: 6198683037011042023, guid: 81084361714098342b93c26afd165030,
        type: 3}
      propertyPath: m_Layer
      value: 11
      objectReference: {fileID: 0}
    - target: {fileID: 6249284624032022411, guid: 81084361714098342b93c26afd165030,
        type: 3}
      propertyPath: m_Layer
      value: 11
      objectReference: {fileID: 0}
    - target: {fileID: 6273301504048103469, guid: 81084361714098342b93c26afd165030,
        type: 3}
      propertyPath: m_Layer
      value: 11
      objectReference: {fileID: 0}
    - target: {fileID: 6308087064261970052, guid: 81084361714098342b93c26afd165030,
        type: 3}
      propertyPath: m_Layer
      value: 11
      objectReference: {fileID: 0}
    - target: {fileID: 6342131918686375704, guid: 81084361714098342b93c26afd165030,
        type: 3}
      propertyPath: m_Materials.Array.data[0]
      value: 
      objectReference: {fileID: 2100000, guid: 0691fbd6f2de5834da4c1e40259a7c09, type: 2}
    - target: {fileID: 6427666791175707222, guid: 81084361714098342b93c26afd165030,
        type: 3}
      propertyPath: m_Layer
      value: 11
      objectReference: {fileID: 0}
    - target: {fileID: 6513604477171711393, guid: 81084361714098342b93c26afd165030,
        type: 3}
      propertyPath: m_Layer
      value: 11
      objectReference: {fileID: 0}
    - target: {fileID: 6662546968950543311, guid: 81084361714098342b93c26afd165030,
        type: 3}
      propertyPath: m_Layer
      value: 11
      objectReference: {fileID: 0}
    - target: {fileID: 6706716352934616968, guid: 81084361714098342b93c26afd165030,
        type: 3}
      propertyPath: m_Layer
      value: 11
      objectReference: {fileID: 0}
    - target: {fileID: 6711528995481077622, guid: 81084361714098342b93c26afd165030,
        type: 3}
      propertyPath: m_Layer
      value: 11
      objectReference: {fileID: 0}
    - target: {fileID: 6865492013765546221, guid: 81084361714098342b93c26afd165030,
        type: 3}
      propertyPath: m_Layer
      value: 11
      objectReference: {fileID: 0}
    - target: {fileID: 6969063141428457188, guid: 81084361714098342b93c26afd165030,
        type: 3}
      propertyPath: m_Layer
      value: 11
      objectReference: {fileID: 0}
    - target: {fileID: 6980396799454968852, guid: 81084361714098342b93c26afd165030,
        type: 3}
      propertyPath: m_Layer
      value: 11
      objectReference: {fileID: 0}
    - target: {fileID: 6998803029268235436, guid: 81084361714098342b93c26afd165030,
        type: 3}
      propertyPath: m_Layer
      value: 11
      objectReference: {fileID: 0}
    - target: {fileID: 7034293546337376421, guid: 81084361714098342b93c26afd165030,
        type: 3}
      propertyPath: m_Layer
      value: 11
      objectReference: {fileID: 0}
    - target: {fileID: 7270041237870054940, guid: 81084361714098342b93c26afd165030,
        type: 3}
      propertyPath: m_Layer
      value: 11
      objectReference: {fileID: 0}
    - target: {fileID: 7284902528573597714, guid: 81084361714098342b93c26afd165030,
        type: 3}
      propertyPath: m_Layer
      value: 11
      objectReference: {fileID: 0}
    - target: {fileID: 7311334199307505656, guid: 81084361714098342b93c26afd165030,
        type: 3}
      propertyPath: m_Layer
      value: 11
      objectReference: {fileID: 0}
    - target: {fileID: 7361678118679457174, guid: 81084361714098342b93c26afd165030,
        type: 3}
      propertyPath: m_Layer
      value: 11
      objectReference: {fileID: 0}
    - target: {fileID: 7507228999303405291, guid: 81084361714098342b93c26afd165030,
        type: 3}
      propertyPath: m_Layer
      value: 11
      objectReference: {fileID: 0}
    - target: {fileID: 7559881982834641979, guid: 81084361714098342b93c26afd165030,
        type: 3}
      propertyPath: m_Layer
      value: 11
      objectReference: {fileID: 0}
    - target: {fileID: 7594101370343461203, guid: 81084361714098342b93c26afd165030,
        type: 3}
      propertyPath: m_Layer
      value: 11
      objectReference: {fileID: 0}
    - target: {fileID: 7699512818686173658, guid: 81084361714098342b93c26afd165030,
        type: 3}
      propertyPath: m_Layer
      value: 11
      objectReference: {fileID: 0}
    - target: {fileID: 7724995805525938727, guid: 81084361714098342b93c26afd165030,
        type: 3}
      propertyPath: m_Layer
      value: 11
      objectReference: {fileID: 0}
    - target: {fileID: 7867790609942977550, guid: 81084361714098342b93c26afd165030,
        type: 3}
      propertyPath: m_Layer
      value: 11
      objectReference: {fileID: 0}
    - target: {fileID: 7893259519725329714, guid: 81084361714098342b93c26afd165030,
        type: 3}
      propertyPath: m_Layer
      value: 11
      objectReference: {fileID: 0}
    - target: {fileID: 7905077492462559865, guid: 81084361714098342b93c26afd165030,
        type: 3}
      propertyPath: m_Layer
      value: 11
      objectReference: {fileID: 0}
    - target: {fileID: 8199070537206956151, guid: 81084361714098342b93c26afd165030,
        type: 3}
      propertyPath: m_Layer
      value: 11
      objectReference: {fileID: 0}
    - target: {fileID: 8288051862295232131, guid: 81084361714098342b93c26afd165030,
        type: 3}
      propertyPath: m_Layer
      value: 11
      objectReference: {fileID: 0}
    - target: {fileID: 8407907555418452411, guid: 81084361714098342b93c26afd165030,
        type: 3}
      propertyPath: m_Layer
      value: 11
      objectReference: {fileID: 0}
    - target: {fileID: 8518677143807668305, guid: 81084361714098342b93c26afd165030,
        type: 3}
      propertyPath: m_Layer
      value: 11
      objectReference: {fileID: 0}
    - target: {fileID: 8590139672359080741, guid: 81084361714098342b93c26afd165030,
        type: 3}
      propertyPath: m_Layer
      value: 11
      objectReference: {fileID: 0}
    - target: {fileID: 8651831783962567460, guid: 81084361714098342b93c26afd165030,
        type: 3}
      propertyPath: m_Layer
      value: 11
      objectReference: {fileID: 0}
    - target: {fileID: 8701312730080799398, guid: 81084361714098342b93c26afd165030,
        type: 3}
      propertyPath: m_Layer
      value: 11
      objectReference: {fileID: 0}
    - target: {fileID: 8764542506218513396, guid: 81084361714098342b93c26afd165030,
        type: 3}
      propertyPath: m_Layer
      value: 11
      objectReference: {fileID: 0}
    - target: {fileID: 8786754078120204079, guid: 81084361714098342b93c26afd165030,
        type: 3}
      propertyPath: m_Layer
      value: 11
      objectReference: {fileID: 0}
    - target: {fileID: 8859055908458507672, guid: 81084361714098342b93c26afd165030,
        type: 3}
      propertyPath: m_Layer
      value: 11
      objectReference: {fileID: 0}
    - target: {fileID: 8887082023811466910, guid: 81084361714098342b93c26afd165030,
        type: 3}
      propertyPath: m_Layer
      value: 11
      objectReference: {fileID: 0}
    - target: {fileID: 9102200872282649983, guid: 81084361714098342b93c26afd165030,
        type: 3}
      propertyPath: m_Layer
      value: 11
      objectReference: {fileID: 0}
    m_RemovedComponents:
    - {fileID: 5866666021909216657, guid: 81084361714098342b93c26afd165030, type: 3}
  m_SourcePrefab: {fileID: 100100000, guid: 81084361714098342b93c26afd165030, type: 3}
--- !u!4 &1538715685056197197 stripped
Transform:
  m_CorrespondingSourceObject: {fileID: -8679921383154817045, guid: 81084361714098342b93c26afd165030,
    type: 3}
  m_PrefabInstance: {fileID: 1355623886915753382}
  m_PrefabAsset: {fileID: 0}
--- !u!4 &7628768908893213603 stripped
Transform:
  m_CorrespondingSourceObject: {fileID: -356083053380368891, guid: 81084361714098342b93c26afd165030,
    type: 3}
  m_PrefabInstance: {fileID: 1355623886915753382}
  m_PrefabAsset: {fileID: 0}
--- !u!1001 &1355623887448218412
PrefabInstance:
  m_ObjectHideFlags: 0
  serializedVersion: 2
  m_Modification:
    m_TransformParent: {fileID: 1355623888176946306}
    m_Modifications:
    - target: {fileID: 180834721204171295, guid: f6dc565dd06f92a488531ff2e6914aeb,
        type: 3}
      propertyPath: m_Layer
      value: 11
      objectReference: {fileID: 0}
    - target: {fileID: 777313213428691747, guid: f6dc565dd06f92a488531ff2e6914aeb,
        type: 3}
      propertyPath: m_Name
      value: dashTrail
      objectReference: {fileID: 0}
    - target: {fileID: 777313213428691747, guid: f6dc565dd06f92a488531ff2e6914aeb,
        type: 3}
      propertyPath: m_IsActive
      value: 0
      objectReference: {fileID: 0}
    - target: {fileID: 777313213428691747, guid: f6dc565dd06f92a488531ff2e6914aeb,
        type: 3}
      propertyPath: m_Layer
      value: 11
      objectReference: {fileID: 0}
    - target: {fileID: 3933038324284862471, guid: f6dc565dd06f92a488531ff2e6914aeb,
        type: 3}
      propertyPath: m_Layer
      value: 11
      objectReference: {fileID: 0}
    - target: {fileID: 4794534099446008230, guid: f6dc565dd06f92a488531ff2e6914aeb,
        type: 3}
      propertyPath: m_LocalPosition.x
      value: 0
      objectReference: {fileID: 0}
    - target: {fileID: 4794534099446008230, guid: f6dc565dd06f92a488531ff2e6914aeb,
        type: 3}
      propertyPath: m_LocalPosition.y
      value: -0.862
      objectReference: {fileID: 0}
    - target: {fileID: 4794534099446008230, guid: f6dc565dd06f92a488531ff2e6914aeb,
        type: 3}
      propertyPath: m_LocalPosition.z
      value: 0
      objectReference: {fileID: 0}
    - target: {fileID: 4794534099446008230, guid: f6dc565dd06f92a488531ff2e6914aeb,
        type: 3}
      propertyPath: m_LocalRotation.x
      value: -0
      objectReference: {fileID: 0}
    - target: {fileID: 4794534099446008230, guid: f6dc565dd06f92a488531ff2e6914aeb,
        type: 3}
      propertyPath: m_LocalRotation.y
      value: -0
      objectReference: {fileID: 0}
    - target: {fileID: 4794534099446008230, guid: f6dc565dd06f92a488531ff2e6914aeb,
        type: 3}
      propertyPath: m_LocalRotation.z
      value: -0
      objectReference: {fileID: 0}
    - target: {fileID: 4794534099446008230, guid: f6dc565dd06f92a488531ff2e6914aeb,
        type: 3}
      propertyPath: m_LocalRotation.w
      value: 1
      objectReference: {fileID: 0}
    - target: {fileID: 4794534099446008230, guid: f6dc565dd06f92a488531ff2e6914aeb,
        type: 3}
      propertyPath: m_RootOrder
      value: 1
      objectReference: {fileID: 0}
    - target: {fileID: 4794534099446008230, guid: f6dc565dd06f92a488531ff2e6914aeb,
        type: 3}
      propertyPath: m_LocalEulerAnglesHint.x
      value: 0
      objectReference: {fileID: 0}
    - target: {fileID: 4794534099446008230, guid: f6dc565dd06f92a488531ff2e6914aeb,
        type: 3}
      propertyPath: m_LocalEulerAnglesHint.y
      value: 0
      objectReference: {fileID: 0}
    - target: {fileID: 4794534099446008230, guid: f6dc565dd06f92a488531ff2e6914aeb,
        type: 3}
      propertyPath: m_LocalEulerAnglesHint.z
      value: 0
      objectReference: {fileID: 0}
    - target: {fileID: 6089296722456445164, guid: f6dc565dd06f92a488531ff2e6914aeb,
        type: 3}
      propertyPath: m_Layer
      value: 11
      objectReference: {fileID: 0}
    - target: {fileID: 8333134723485575354, guid: f6dc565dd06f92a488531ff2e6914aeb,
        type: 3}
      propertyPath: m_Layer
      value: 11
      objectReference: {fileID: 0}
    m_RemovedComponents: []
  m_SourcePrefab: {fileID: 100100000, guid: f6dc565dd06f92a488531ff2e6914aeb, type: 3}
--- !u!1 &1736619798806194191 stripped
GameObject:
  m_CorrespondingSourceObject: {fileID: 777313213428691747, guid: f6dc565dd06f92a488531ff2e6914aeb,
    type: 3}
  m_PrefabInstance: {fileID: 1355623887448218412}
  m_PrefabAsset: {fileID: 0}
--- !u!4 &5789869773891867274 stripped
Transform:
  m_CorrespondingSourceObject: {fileID: 4794534099446008230, guid: f6dc565dd06f92a488531ff2e6914aeb,
    type: 3}
  m_PrefabInstance: {fileID: 1355623887448218412}
  m_PrefabAsset: {fileID: 0}
--- !u!1001 &1355623888070444082
PrefabInstance:
  m_ObjectHideFlags: 0
  serializedVersion: 2
  m_Modification:
    m_TransformParent: {fileID: 1682891319}
    m_Modifications:
    - target: {fileID: 755556207792733604, guid: 3eb41d8c833fc114fb2a321c96229c3e,
        type: 3}
      propertyPath: m_Layer
      value: 11
      objectReference: {fileID: 0}
    - target: {fileID: 4945770605096917680, guid: 3eb41d8c833fc114fb2a321c96229c3e,
        type: 3}
      propertyPath: m_Name
      value: SwordAttackTrail
      objectReference: {fileID: 0}
    - target: {fileID: 4945770605096917680, guid: 3eb41d8c833fc114fb2a321c96229c3e,
        type: 3}
      propertyPath: m_IsActive
      value: 0
      objectReference: {fileID: 0}
    - target: {fileID: 4945770605096917680, guid: 3eb41d8c833fc114fb2a321c96229c3e,
        type: 3}
      propertyPath: m_Layer
      value: 11
      objectReference: {fileID: 0}
    - target: {fileID: 4962164820907498221, guid: 3eb41d8c833fc114fb2a321c96229c3e,
        type: 3}
      propertyPath: m_Layer
      value: 11
      objectReference: {fileID: 0}
    - target: {fileID: 7853706738254287272, guid: 3eb41d8c833fc114fb2a321c96229c3e,
        type: 3}
      propertyPath: m_Layer
      value: 11
      objectReference: {fileID: 0}
    - target: {fileID: 8391275251936640618, guid: 3eb41d8c833fc114fb2a321c96229c3e,
        type: 3}
      propertyPath: m_LocalPosition.x
      value: 0.086
      objectReference: {fileID: 0}
    - target: {fileID: 8391275251936640618, guid: 3eb41d8c833fc114fb2a321c96229c3e,
        type: 3}
      propertyPath: m_LocalPosition.y
      value: 0
      objectReference: {fileID: 0}
    - target: {fileID: 8391275251936640618, guid: 3eb41d8c833fc114fb2a321c96229c3e,
        type: 3}
      propertyPath: m_LocalPosition.z
      value: 0.817
      objectReference: {fileID: 0}
    - target: {fileID: 8391275251936640618, guid: 3eb41d8c833fc114fb2a321c96229c3e,
        type: 3}
      propertyPath: m_LocalRotation.x
      value: 0
      objectReference: {fileID: 0}
    - target: {fileID: 8391275251936640618, guid: 3eb41d8c833fc114fb2a321c96229c3e,
        type: 3}
      propertyPath: m_LocalRotation.y
      value: 0
      objectReference: {fileID: 0}
    - target: {fileID: 8391275251936640618, guid: 3eb41d8c833fc114fb2a321c96229c3e,
        type: 3}
      propertyPath: m_LocalRotation.z
      value: 0
      objectReference: {fileID: 0}
    - target: {fileID: 8391275251936640618, guid: 3eb41d8c833fc114fb2a321c96229c3e,
        type: 3}
      propertyPath: m_LocalRotation.w
      value: 1
      objectReference: {fileID: 0}
    - target: {fileID: 8391275251936640618, guid: 3eb41d8c833fc114fb2a321c96229c3e,
        type: 3}
      propertyPath: m_RootOrder
      value: 0
      objectReference: {fileID: 0}
    - target: {fileID: 8391275251936640618, guid: 3eb41d8c833fc114fb2a321c96229c3e,
        type: 3}
      propertyPath: m_LocalEulerAnglesHint.x
      value: 0
      objectReference: {fileID: 0}
    - target: {fileID: 8391275251936640618, guid: 3eb41d8c833fc114fb2a321c96229c3e,
        type: 3}
      propertyPath: m_LocalEulerAnglesHint.y
      value: 0
      objectReference: {fileID: 0}
    - target: {fileID: 8391275251936640618, guid: 3eb41d8c833fc114fb2a321c96229c3e,
        type: 3}
      propertyPath: m_LocalEulerAnglesHint.z
      value: 0
      objectReference: {fileID: 0}
    - target: {fileID: 8687967052351472376, guid: 3eb41d8c833fc114fb2a321c96229c3e,
        type: 3}
      propertyPath: m_LocalPosition.x
      value: 0
      objectReference: {fileID: 0}
    - target: {fileID: 8687967052351472376, guid: 3eb41d8c833fc114fb2a321c96229c3e,
        type: 3}
      propertyPath: m_LocalPosition.y
      value: 0
      objectReference: {fileID: 0}
    - target: {fileID: 8687967052351472376, guid: 3eb41d8c833fc114fb2a321c96229c3e,
        type: 3}
      propertyPath: m_LocalPosition.z
      value: 0
      objectReference: {fileID: 0}
    - target: {fileID: 8858931612241376284, guid: 3eb41d8c833fc114fb2a321c96229c3e,
        type: 3}
      propertyPath: m_Layer
      value: 11
      objectReference: {fileID: 0}
    m_RemovedComponents: []
  m_SourcePrefab: {fileID: 100100000, guid: 3eb41d8c833fc114fb2a321c96229c3e, type: 3}
--- !u!1 &6229266184326864514 stripped
GameObject:
  m_CorrespondingSourceObject: {fileID: 4945770605096917680, guid: 3eb41d8c833fc114fb2a321c96229c3e,
    type: 3}
  m_PrefabInstance: {fileID: 1355623888070444082}
  m_PrefabAsset: {fileID: 0}
--- !u!4 &7396011060052671064 stripped
Transform:
  m_CorrespondingSourceObject: {fileID: 8391275251936640618, guid: 3eb41d8c833fc114fb2a321c96229c3e,
    type: 3}
  m_PrefabInstance: {fileID: 1355623888070444082}
  m_PrefabAsset: {fileID: 0}
